<?xml version="1.0" encoding="UTF-8"?><collection xmlns="http://www.loc.gov/MARC21/slim"><record><leader>00572nam--2200193-u-4500</leader><controlfield tag="001">000053515</controlfield><controlfield tag="002">20161230</controlfield><controlfield tag="005">20161230201051</controlfield><controlfield tag="008">110411s1000------------r-----000-0-eng-d</controlfield><datafield ind1=" " ind2=" " tag="020"><subfield code="a">0931288339</subfield></datafield><datafield ind1=" " ind2=" " tag="040"><subfield code="a">IFIN-HH</subfield></datafield><datafield ind1=" " ind2=" " tag="080"><subfield code="a">57.082.13:537.533.35</subfield></datafield><datafield ind1="1" ind2=" " tag="100"><subfield code="a">Murphy, Judith A</subfield></datafield><datafield ind1="1" ind2="0" tag="245"><subfield code="a">Proparation of biological specimens for scanning electron microscopy</subfield><subfield code="c">Judith a. murphy; godfried m. roomans (colpiled by)</subfield></datafield><datafield ind1=" " ind2=" " tag="260"><subfield code="a">Amf O'Hare</subfield><subfield code="b">Sem, Inc</subfield><subfield code="c">1984</subfield></datafield><datafield ind1=" " ind2=" " tag="300"><subfield code="a">344P</subfield></datafield><datafield ind1="1" ind2=" " tag="700"><subfield code="a">Roomans, Godfried M</subfield></datafield><datafield ind1=" " ind2=" " tag="852"><subfield code="a">81236</subfield><subfield code="c">57</subfield></datafield><datafield ind1=" " ind2=" " tag="CAT"><subfield code="a">Sys</subfield><subfield code="c">20110411</subfield><subfield code="h">085840</subfield></datafield></record></collection>